% Encoding: UTF-8

@InCollection{Springer-BookChapter-2014,
  author    = {Bianconi, F. and Fern\'{a}ndez, A.},
  booktitle = {Local binary patterns: New variants and applications},
  publisher = {Springer},
  title     = {A unifying framework for {LBP} and related methods},
  year      = {2014},
  editor    = {Brahnam, S. and Jain, L. C. and Nanni, L. and Lumini, A.},
  pages     = {17-46},
  series    = {Studies in Computational Intelligence},
  volume    = {506},
  keywords  = {book-chapter},
}

@InCollection{Springer-ISRL-2020,
  author    = {Kather, J.N. and Bello-Cerezo, R. and Di Maria, F. and van Pelt, G.W. and Mesker, W.E. and Halama, N. and Bianconi, F.},
  booktitle = {Deep learners and deep learner descriptors for medical applications},
  publisher = {Springer},
  title     = {Classification of tissue regions in histopathological images: Comparison between pre-trained convolutional neural networks and local binary patterns variants},
  year      = {2020},
  chapter   = {3},
  editor    = {Nanni, L. and Brahnam, S. and Brattin, R. and Ghidoni, S. and Jain, L.C.},
  pages     = {95-115},
  series    = {Intelligent Systems Reference Library},
  volume    = {186},
}

@Book{ColourTextureBook-2021,
  editor    = {Bianconi, F. and Fern\'{a}ndez, A. and S\'{a}nchez-Y\'{a}\~{n}ez, R.E.},
  publisher = {MDPI},
  title     = {Texture and color in image analysis},
  year      = {2021},
  note      = {Printed edition of the Special Issue Texture and Colour in Image Analysis, published in Applied Sciences},
}

@Comment{jabref-meta: databaseType:bibtex;}
